<record><leader>00000cas a22000007a 4500</leader><controlfield tag="001">14879391</controlfield><controlfield tag="008">861126d18731877mouwr ne      0    0eng d</controlfield><datafield ind1=" " ind2=" " tag="010"><subfield code="a">sn 86053959 </subfield></datafield><datafield ind1=" " ind2=" " tag="040"><subfield code="a">NPX</subfield><subfield code="b">eng</subfield><subfield code="c">NPX</subfield><subfield code="d">MQN</subfield><subfield code="d">OCLCQ</subfield></datafield><datafield ind1=" " ind2=" " tag="042"><subfield code="a">msc</subfield></datafield><datafield ind1="0" ind2="0" tag="245"><subfield code="a">Carthage advance.</subfield></datafield><datafield ind1="1" ind2="7" tag="246"><subfield code="a">Weekly advance</subfield></datafield><datafield ind1=" " ind2=" " tag="260"><subfield code="a">Carthage, Mo. :</subfield><subfield code="b">Jacobs &amp; Marlow</subfield></datafield><datafield ind1=" " ind2=" " tag="300"><subfield code="a">v.</subfield></datafield><datafield ind1=" " ind2=" " tag="310"><subfield code="a">Weekly</subfield></datafield><datafield ind1="1" ind2=" " tag="362"><subfield code="a">Began in 1873; ceased in 1877?</subfield><subfield code="z">Cf. Taft, W.H. Mo. newspapers.</subfield></datafield><datafield ind1=" " ind2=" " tag="588"><subfield code="a">Description based on: Vol. 3, no. 24 (Feb. 17, 1876).</subfield></datafield><datafield ind1=" " ind2=" " tag="752"><subfield code="a">United States</subfield><subfield code="b">Missouri</subfield><subfield code="c">Jasper</subfield><subfield code="d">Carthage.</subfield></datafield></record>